%created by Laurenz Taffner

%example source:
@article{franchi_significance_2021,
	title = {The significance of the Tactile Internet and 5G for digital agriculture},
	volume = {69},
	issn = {2196-677X, 0178-2312},
	url = {https://www.degruyter.com/document/doi/10.1515/auto-2020-0130/html},
	doi = {10.1515/auto-2020-0130},
	pages = {281--286},
	number = {4},
	journaltitle = {at - Automatisierungstechnik},
	author = {Franchi, Norman and Fettweis, Gerhard P. and Herlitzius, Thomas},
	urldate = {2022-09-23},
	year = {2021},
	langid = {english},
}